@article{pdr-wifi,
  title     = {Wi-Fi および端末センサ情報を用いた 3 次元屋内位置測位手法の検討},
  author    = {田巻櫻子 and 田中敏幸},
  journal   = {国際 ICT 利用研究学会論文誌},
  volume    = {2},
  number    = {1},
  pages     = {24--30},
  year      = {2018},
  publisher = {一般社団法人 国際 ICT 利用研究機構}
}

@inproceedings{ble-indoor,
  title        = {Bluetooth を用いた屋内位置推定手法の提案},
  author       = {酒井瑞樹 and 森田裕之},
  booktitle    = {経営情報学会 全国研究発表大会要旨集 2016 年秋季全国研究発表大会},
  pages        = {53--56},
  year         = {2016},
  organization = {一般社団法人 経営情報学会}
}

@article{wifi-gmm,
  title   = {GMM を用いた WiFi 位置推定手法の実用化に向けた課題解決},
  author  = {浅見宗広 and 福井隆司 and 葛城友香 and 大杉苑子 and others},
  journal = {研究報告高度交通システム (ITS)},
  volume  = {2013},
  number  = {2},
  pages   = {1--8},
  year    = {2013}
}


@article{pdr-ble,
  title   = {BLE 測位および PDR を用いたハイブリッド型屋内測位手法の提案},
  author  = {工藤大希 and 堀川三好 and 古舘達也 and 岡本東 and others},
  journal = {第 79 回全国大会講演論文集},
  volume  = {2017},
  number  = {1},
  pages   = {325--326},
  year    = {2017}
}

@article{pdr-map,
  title   = {マップマッチングを用いた PDR 軌跡補正},
  author  = {吉見駿 and 村尾和哉 and 望月祐洋 and 西尾信彦 and others},
  journal = {研究報告ユビキタスコンピューティングシステム (UBI)},
  volume  = {2014},
  number  = {20},
  pages   = {1--8},
  year    = {2014}
}

@article{pdr-mag,
  title   = {歩行時の磁気センシングデータを利用した屋内位置推定手法},
  author  = {村田雄哉 and 梶克彦 and 廣井慧 and 河口信夫 and 神山剛 and 太田賢 and 稲村浩 and others},
  journal = {情報処理学会論文誌},
  volume  = {58},
  number  = {1},
  pages   = {57--67},
  year    = {2017}
}


@article{stride-length-auto-learning,
  title   = {デッドレコニング開始前のセンサデータを自動学習に用いた屋内歩幅推定手法の検討},
  author  = {三宅孝幸 and others},
  journal = {第 74 回全国大会講演論文集},
  volume  = {2012},
  number  = {1},
  pages   = {443--444},
  year    = {2012}
}

@article{stride-length-multi,
  title   = {携帯端末のセンサ値を用いた多変量解析による歩幅推定},
  author  = {根岸拓郎 and 藤田悟 and others},
  journal = {第 77 回全国大会講演論文集},
  volume  = {2015},
  number  = {1},
  pages   = {299--300},
  year    = {2015}
}


@article{stride-length-ultrasonic,
  title={デッドレコニングの高精度化に向けた超音波による歩幅推定法},
  author={柏本幸俊 and 荒川豊 and 安本慶一 and others},
  journal={研究報告モバイルコンピューティングとユビキタス通信 (MBL)},
  volume={2015},
  number={56},
  pages={1--6},
  year={2015}
}


